<record><leader>00000cas a22000007a 4500</leader><controlfield tag="001">10387353</controlfield><controlfield tag="008">840208d18701874pauwr ne      0    0eng d</controlfield><datafield ind1=" " ind2=" " tag="010"><subfield code="a">sn 84026241 </subfield></datafield><datafield ind1=" " ind2=" " tag="040"><subfield code="a">NPU</subfield><subfield code="b">eng</subfield><subfield code="c">NPU</subfield><subfield code="d">NPY</subfield><subfield code="d">OCL</subfield><subfield code="d">ONP</subfield><subfield code="d">OCLCQ</subfield></datafield><datafield ind1=" " ind2=" " tag="042"><subfield code="a">msc</subfield></datafield><datafield ind1="0" ind2="0" tag="245"><subfield code="a">Iron world and manufacturer.</subfield></datafield><datafield ind1=" " ind2=" " tag="260"><subfield code="a">Pittsburgh, Pa. :</subfield><subfield code="b">Iron World Pub. Co.</subfield></datafield><datafield ind1=" " ind2=" " tag="300"><subfield code="a">v.</subfield></datafield><datafield ind1=" " ind2=" " tag="310"><subfield code="a">Weekly</subfield></datafield><datafield ind1="1" ind2=" " tag="362"><subfield code="a">Began in 1870; ceased in 1874?</subfield></datafield><datafield ind1=" " ind2=" " tag="500"><subfield code="a">"A representative journal of American metal manufacturers, workers, and dealers."</subfield></datafield><datafield ind1=" " ind2=" " tag="580"><subfield code="a">Merged with: American manufacturer and trade of the west, to form: American manufacturer and iron world.</subfield></datafield><datafield ind1=" " ind2=" " tag="588"><subfield code="a">Description based on: Vol. 2, no. 5 (Jan. 31, 1871).</subfield></datafield><datafield ind1=" " ind2=" " tag="752"><subfield code="a">United States</subfield><subfield code="b">Pennsylvania</subfield><subfield code="c">Allegheney</subfield><subfield code="d">Pittsburgh.</subfield></datafield><datafield ind1="1" ind2="7" tag="785"><subfield code="t">American manufacturer and trade of the west</subfield></datafield><datafield ind1="1" ind2="7" tag="785"><subfield code="t">American manufacturer and iron world</subfield></datafield></record>